<?xml version="1.0" encoding="UTF-8"?><record xmlns="http://www.loc.gov/MARC21/slim" xmlns:cinclude="http://apache.org/cocoon/include/1.0" xmlns:zs="http://www.loc.gov/zing/srw/">
  <leader>00463nz  a2200133n  4500</leader>
  <controlfield tag="001">no2003053753</controlfield>
  <controlfield tag="003">DLC</controlfield>
  <controlfield tag="005">20030603051834.0</controlfield>
  <controlfield tag="008">030602n| acannaabn          |n aaa     c</controlfield>
  <datafield tag="010" ind1=" " ind2=" ">
    <subfield code="a">no2003053753</subfield>
  </datafield>
  <datafield tag="035" ind1=" " ind2=" ">
    <subfield code="a">(OCoLC)oca06064238</subfield>
  </datafield>
  <datafield tag="040" ind1=" " ind2=" ">
    <subfield code="a">NcD</subfield>
    <subfield code="b">eng</subfield>
    <subfield code="c">NcD</subfield>
  </datafield>
  <datafield tag="100" ind1="1" ind2=" ">
    <subfield code="a">Adelman, Miriam</subfield>
  </datafield>
  <datafield tag="670" ind1=" " ind2=" ">
    <subfield code="a">Coletânea gênero plural, 2002:</subfield>
    <subfield code="b">t.p. (Miriam Adelman) p. 251 (sociologist; prof. at Univ. Fed. do Paraná; studied at New York Univ. and Univ. Fed. de Santa Catarina)</subfield>
  </datafield>
</record>